<?xml version="1.0" encoding="UTF-8"?>
<record xmlns="http://www.loc.gov/MARC21/slim" xmlns:xsi="http://www.w3.org/2001/XMLSchema-instance" xsi:schemaLocation="http://www.loc.gov/MARC21/slim http://www.loc.gov/standards/marcxml/schema/MARC21slim.xsd">
<leader>     nam a2200265 a 4500</leader>
<controlfield tag="001">001689366</controlfield>
<controlfield tag="003">NNU</controlfield>
<controlfield tag="005">20061010170930.0</controlfield>
<controlfield tag="008">001218s1949    sy            000 0 ara d</controlfield>
<datafield tag="035" ind1="9" ind2=" ">
<subfield code="a">NYUb12233723</subfield>
</datafield>
<datafield tag="035" ind1=" " ind2=" ">
<subfield code="a">(CStRLIN)NYUG00-B4196</subfield>
</datafield>
<datafield tag="040" ind1=" " ind2=" ">
<subfield code="a">NNU</subfield>
<subfield code="c">NNU</subfield>
</datafield>
<datafield tag="050" ind1=" " ind2="4">
<subfield code="a">BP134.J4</subfield>
<subfield code="b">D3</subfield>
</datafield>
<datafield tag="066" ind1=" " ind2=" ">
<subfield code="c">(3</subfield>
</datafield>
<datafield tag="090" ind1=" " ind2=" ">
<subfield code="a">BP134.J4</subfield>
<subfield code="b">D3</subfield>
</datafield>
<datafield tag="100" ind1="1" ind2=" ">
<subfield code="a">Darwazah, Muḥammad ʻIzzat,</subfield>
<subfield code="d">1889-</subfield>
<subfield code="6">880-01</subfield>
</datafield>
<datafield tag="245" ind1="1" ind2="3">
<subfield code="6">880-02</subfield>
<subfield code="a">al-Qurʼān wa-al-Yahūd :</subfield>
<subfield code="b">aḥwāluhum wa-akhlāquhum wa-mawāqifuhum wa-maṣīruhum : dirāsah Qurʼānīyah shāmilah /</subfield>
<subfield code="c">taʼlīf Muḥammad ʻIzzat Darwazah.</subfield>
</datafield>
<datafield tag="260" ind1=" " ind2=" ">
<subfield code="6">880-03</subfield>
<subfield code="a">Dimashq :</subfield>
<subfield code="b">Maṭbūʻāt Maktab Filasṭīn,</subfield>
<subfield code="c">1949.</subfield>
</datafield>
<datafield tag="300" ind1=" " ind2=" ">
<subfield code="a">167 p. ;</subfield>
<subfield code="c">18 cm.</subfield>
</datafield>
<datafield tag="650" ind1=" " ind2="0">
<subfield code="a">Jews in the Qurʼan.</subfield>
</datafield>
<datafield tag="650" ind1=" " ind2="0">
<subfield code="a">Islam</subfield>
<subfield code="x">Relations</subfield>
<subfield code="x">Judaism.</subfield>
</datafield>
<datafield tag="650" ind1=" " ind2="0">
<subfield code="a">Judaism</subfield>
<subfield code="x">Relations</subfield>
<subfield code="x">Islam.</subfield>
</datafield>
<datafield tag="880" ind1="1" ind2=" ">
<subfield code="6">100-01/</subfield>
<subfield code="a">دروزه، محمد عزة.</subfield>
</datafield>
<datafield tag="880" ind1="1" ind2="2">
<subfield code="6">245-02/</subfield>
<subfield code="a">القرآن واليهود :</subfield>
<subfield code="b">أحوالهم وأخلاقهم ومواقفهم ومصيرهم : دراسة قرآنية شاملة /</subfield>
<subfield code="c">تأليف محمد عزة دروزه.</subfield>
</datafield>
<datafield tag="880" ind1=" " ind2=" ">
<subfield code="6">260-03/</subfield>
<subfield code="a">دمشق :</subfield>
<subfield code="b">مطبوعات مكتب فلسطين،</subfield>
<subfield code="c">١٩٤٩.</subfield>
</datafield>
<datafield tag="OWN" ind1=" " ind2=" ">
<subfield code="a">GENERAL</subfield>
</datafield>
<datafield tag="998" ind1=" " ind2=" ">
<subfield code="a">20001218</subfield>
<subfield code="d">20001218</subfield>
<subfield code="d">20001218</subfield>
<subfield code="n">NNU</subfield>
<subfield code="s">1</subfield>
<subfield code="t">c</subfield>
<subfield code="z">p</subfield>
</datafield>
<datafield tag="AVA" ind1=" " ind2=" ">
<subfield code="a">NYU50</subfield>
<subfield code="b">BOBST</subfield>
<subfield code="c">Main Collection</subfield>
<subfield code="d">BP134.J4 D3</subfield>
<subfield code="e">unavailable</subfield>
<subfield code="t">Unavailable</subfield>
<subfield code="f">1</subfield>
<subfield code="g">1</subfield>
<subfield code="h">N</subfield>
<subfield code="i">0</subfield>
<subfield code="j">MAIN</subfield>
<subfield code="k">0</subfield>
</datafield>
</record>
